<record xmlns="http://www.loc.gov/MARC21/slim" xmlns:xsi="http://www.w3.org/2001/XMLSchema-instance" xsi:schemaLocation="http://www.loc.gov/MARC21/slim http://www.loc.gov/standards/marcxml/schema/MARC21slim.xsd"><leader>00767cz   2200193n  4500</leader><controlfield tag="001">oca01762560 </controlfield><controlfield tag="005">20030730161613.0</controlfield><controlfield tag="008">861216n| acannaab           |a aaa     c</controlfield><datafield ind1=" " ind2=" " tag="010"><subfield code="a">n  85356413 </subfield></datafield><datafield ind1=" " ind2=" " tag="040"><subfield code="a">InU</subfield><subfield code="c">DLC</subfield><subfield code="d">NNC</subfield><subfield code="d">DLC</subfield></datafield><datafield ind1="1" ind2=" " tag="100"><subfield code="a">Naevius, Gnaeus,</subfield><subfield code="d">ca. 270-ca. 200 B.C.</subfield></datafield><datafield ind1="1" ind2=" " tag="400"><subfield code="a">Naevius, Cnaeus,</subfield><subfield code="d">ca. 270-ca. 200 B.C.</subfield></datafield><datafield ind1="1" ind2=" " tag="400"><subfield code="a">Nevio,</subfield><subfield code="d">ca. 270-ca. 200 B.C.</subfield></datafield><datafield ind1=" " ind2=" " tag="667"><subfield code="a">Cannot identify with: Naevius</subfield></datafield><datafield ind1=" " ind2=" " tag="670"><subfield code="a">Cavazza, A. Lexicon Livianum et Naevianum, 1981.</subfield></datafield><datafield ind1=" " ind2=" " tag="670"><subfield code="a">Encyclop. Brit., 15th ed., 1985</subfield><subfield code="b">(Naevius, Gnaeus; b. ca. 270 B.C.; d. ca. 200 B.C.)</subfield></datafield><datafield ind1=" " ind2=" " tag="670"><subfield code="a">Grant, M. Gk &amp; Lat. authors 800 B.C.-A.D. 1000, 1980</subfield><subfield code="b">(Naevius, Cnaeus)</subfield></datafield><datafield ind1=" " ind2=" " tag="670"><subfield code="a">Der kleine Pauly, 1969</subfield><subfield code="b">(Naevius, Cn.)</subfield></datafield><datafield ind1=" " ind2=" " tag="670"><subfield code="a">Il Bellum Poenicum e l'arte di Nevio, 2001.</subfield></datafield></record>